<record><leader>00000cas a22000007a 4500</leader><controlfield tag="001">33201503</controlfield><controlfield tag="008">950926d19uu1942cauwr ne      0    0eng d</controlfield><datafield ind1=" " ind2=" " tag="010"><subfield code="a">sn 95062056 </subfield></datafield><datafield ind1=" " ind2=" " tag="040"><subfield code="a">CNK</subfield><subfield code="b">eng</subfield><subfield code="c">CNK</subfield><subfield code="d">OCLCQ</subfield><subfield code="d">OCLCF</subfield><subfield code="d">OCLCO</subfield></datafield><datafield ind1="1" ind2=" " tag="029"><subfield code="a">AU@</subfield><subfield code="b">000025870596</subfield></datafield><datafield ind1=" " ind2=" " tag="042"><subfield code="a">msc</subfield></datafield><datafield ind1=" " ind2=" " tag="043"><subfield code="a">n-us-ca</subfield></datafield><datafield ind1="0" ind2=" " tag="130"><subfield code="a">Roseville press (Roseville, Calif.)</subfield></datafield><datafield ind1="1" ind2="4" tag="245"><subfield code="a">The Roseville press.</subfield></datafield><datafield ind1=" " ind2=" " tag="260"><subfield code="a">Roseville, Calif. :</subfield><subfield code="b">J. &amp; J. Holden</subfield></datafield><datafield ind1=" " ind2=" " tag="300"><subfield code="a">v.</subfield></datafield><datafield ind1=" " ind2=" " tag="310"><subfield code="a">Weekly,</subfield><subfield code="b">Apr. 28, 1942-</subfield></datafield><datafield ind1=" " ind2=" " tag="321"><subfield code="a">Weekly,</subfield><subfield code="b">&lt;1932&gt;-July 28, 1938</subfield></datafield><datafield ind1=" " ind2=" " tag="321"><subfield code="a">Daily (except Sat. and Sun.),</subfield><subfield code="b">July 29, 1938-Apr. 21, 1942</subfield></datafield><datafield ind1="0" ind2=" " tag="362"><subfield code="a">-v. 14, no. 81 (May 12, 1942).</subfield></datafield><datafield ind1=" " ind2=" " tag="588"><subfield code="a">Description based on: Vol. 4, no. 2 (Jan. 7, 1932).</subfield></datafield><datafield ind1=" " ind2="0" tag="651"><subfield code="a">Roseville (Calif.)</subfield><subfield code="v">Newspapers.</subfield></datafield><datafield ind1=" " ind2="7" tag="655"><subfield code="a">Newspapers.</subfield><subfield code="2">fast</subfield><subfield code="0">(OCoLC)fst01423814</subfield></datafield><datafield ind1=" " ind2="7" tag="651"><subfield code="a">California</subfield><subfield code="z">Roseville.</subfield><subfield code="2">fast</subfield><subfield code="0">(OCoLC)fst01214303</subfield></datafield><datafield ind1=" " ind2=" " tag="752"><subfield code="a">United States</subfield><subfield code="b">California</subfield><subfield code="c">Placer</subfield><subfield code="d">Roseville.</subfield></datafield><datafield ind1="0" ind2="7" tag="785"><subfield code="t">Roseville tribune and register</subfield><subfield code="w">(DLC)sn 95062057</subfield></datafield><datafield ind1="0" ind2="7" tag="785"><subfield code="t">Roseville press tribune</subfield><subfield code="w">(DLC)sn 93051958</subfield></datafield></record>